<record xmlns='http://www.loc.gov/MARC21/slim'><leader>01433cim a22003852u 4500</leader><controlfield tag='001'>3600701</controlfield><controlfield tag='005'>20151214182655.0</controlfield><controlfield tag='007'>ss|lmnjluz|nuu</controlfield><controlfield tag='008'>991101s1987    nyunnn         l    eng d</controlfield><datafield ind1=' ' ind2=' ' tag='035'><subfield code='a'>(NIC)notisASF7766</subfield></datafield><datafield ind1=' ' ind2=' ' tag='035'><subfield code='a'>3600701</subfield></datafield><datafield ind1=' ' ind2=' ' tag='035'><subfield code='a'>(OCoLC)63896468</subfield></datafield><datafield ind1=' ' ind2=' ' tag='040'><subfield code='a'>NIC</subfield><subfield code='c'>NIC</subfield><subfield code='d'>NIC</subfield><subfield code='d'>NIC</subfield></datafield><datafield ind1='1' ind2=' ' tag='100'><subfield code='a'>Salo, Arvo.</subfield></datafield><datafield ind1='1' ind2='0' tag='245'><subfield code='a'>How Finland went western</subfield><subfield code='h'>[sound recording]</subfield></datafield><datafield ind1=' ' ind2=' ' tag='260'><subfield code='c'>1987.</subfield></datafield><datafield ind1=' ' ind2=' ' tag='300'><subfield code='a'>1 sound cassette (90 min.) :</subfield><subfield code='b'>analog, mono.</subfield></datafield><datafield ind1=' ' ind2=' ' tag='500'><subfield code='a'>Recorded in Ithaca, NY by Cornell University.</subfield></datafield><datafield ind1=' ' ind2=' ' tag='500'><subfield code='a'>Accompanied by: Notes.</subfield></datafield><datafield ind1=' ' ind2=' ' tag='500'><subfield code='a'>Sponsored by: Western Societies Program.</subfield></datafield><datafield ind1=' ' ind2=' ' tag='500'><subfield code='a'>Speaker(s): Playwright; Former Minister of Culture in Finland; Former head of the Finnish Social Democratic Party.</subfield></datafield><datafield ind1=' ' ind2=' ' tag='518'><subfield code='a'>Lecture, October 6, 1987.</subfield></datafield><datafield ind1=' ' ind2=' ' tag='520'><subfield code='a'>Salo gives an overview of Finland&apos;s &quot;westernization&quot;.</subfield></datafield><datafield ind1=' ' ind2='0' tag='651'><subfield code='a'>Finland</subfield><subfield code='x'>Economic conditions</subfield><subfield code='y'>1945-1981.</subfield></datafield><datafield ind1=' ' ind2='0' tag='651'><subfield code='a'>Finland</subfield><subfield code='x'>Foreign relations</subfield><subfield code='y'>1945-</subfield></datafield><datafield ind1=' ' ind2='0' tag='651'><subfield code='a'>Finland</subfield><subfield code='x'>History</subfield><subfield code='y'>1939-1945.</subfield></datafield><datafield ind1=' ' ind2='0' tag='651'><subfield code='a'>Finalnd</subfield><subfield code='x'>Politics and government</subfield><subfield code='y'>1945-</subfield></datafield><datafield ind1=' ' ind2='7' tag='648'><subfield code='a'>Since 1939</subfield><subfield code='2'>fast</subfield></datafield><datafield ind1=' ' ind2='7' tag='650'><subfield code='a'>Diplomatic relations</subfield><subfield code='2'>fast</subfield><subfield code='0'>(OCoLC)fst01907412</subfield></datafield><datafield ind1=' ' ind2='7' tag='650'><subfield code='a'>Economic history</subfield><subfield code='2'>fast</subfield><subfield code='0'>(OCoLC)fst00901974</subfield></datafield><datafield ind1=' ' ind2='7' tag='650'><subfield code='a'>Political science</subfield><subfield code='2'>fast</subfield><subfield code='0'>(OCoLC)fst01069781</subfield></datafield><datafield ind1=' ' ind2='7' tag='651'><subfield code='a'>Finland</subfield><subfield code='2'>fast</subfield><subfield code='0'>(OCoLC)fst01205503</subfield></datafield><datafield ind1='1' ind2=' ' tag='899'><subfield code='a'>CULectures</subfield></datafield><datafield ind1=' ' ind2=' ' tag='905'><subfield code='a'>20000331120000.0</subfield></datafield><datafield ind1='2' ind2=' ' tag='948'><subfield code='a'>20141221</subfield><subfield code='b'>m</subfield><subfield code='d'>batch</subfield><subfield code='e'>lts</subfield><subfield code='x'>addfast</subfield></datafield></record>